@inproceedings{kawachiya-string-ineff,
 author = {Kawachiya, Kiyokuni and Ogata, Kazunori and Onodera, Tamiya},
 title = {Analysis and reduction of memory inefficiencies in {Java} strings},
 booktitle = {Proc. of 23rd OOPSLA},
 year = {2008},
 OPTisbn = {978-1-60558-215-3},
 OPTpages = {385--402},
 OPTlocation = {Nashville, TN, USA},
 OPTdoi = {http://doi.acm.org/10.1145/1449764.1449795},
 OPTpublisher = {ACM},
 OPTaddress = {New York, NY, USA},
 }

@Article{armstrong-hotspot,
  author = 	 {Eric Armstrong},
  title = 	 {{HotSpot}: A New Breed of Virtual Machine},
  journal = 	 {JavaWorld},
  year = 	 {1998},
}

@article{agarwal-sp2,
  author    = {Ramesh C. Agarwal and
               Bowen Alpern and
               Larry Carter and
               Fred G. Gustavson and
               David J. Klepacki and
               Rick Lawrence and
               Mohammad Zubair},
  title     = {High-Performance Parallel Implementations of the {NAS} Kernel
               Benchmarks on the {IBM SP2}},
  journal   = {IBM Sys. Jour.},
  volume    = {34},
  number    = {2},
  year      = {1995},
  pages     = {263-272},
  bibsource = {DBLP, http://dblp.uni-trier.de}
}

@techreport{bourassa-implementing,
    author = "Virgil Bourassa and John Zahorjan",
    title = "Implementing Lightweight Remote Procedure Calls in the {Mach 3} Operating System",
    number = "TR-95-02-01",
    year = "1995",
    OPTurl = "citeseer.ist.psu.edu/bourassa95implementing.html" 
}

@article{1113363,
 author = {Gernot Heiser and Volkmar Uhlig and Joshua LeVasseur},
 title = {Are virtual-machine monitors microkernels done right?},
 journal = {SIGOPS Oper. Syst. Rev.},
 volume = {40},
 number = {1},
 year = {2006},
 issn = {0163-5980},
 pages = {95--99},
 doi = {http://doi.acm.org/10.1145/1113361.1113363},
 publisher = {ACM},
 address = {New York, NY, USA},
 }

@inproceedings{gefflaut-sawmill,
 author = {Alain Gefflaut and Trent Jaeger and Yoonho Park and Jochen Liedtke and Kevin J. Elphinstone and Volkmar Uhlig and Jonathon E. Tidswell and Luke Deller and Lars Reuther},
 title = {The {SawMill} multiserver approach},
 booktitle = {Proc. of 9th Euro. Work.},
 year = {2000},
 OPTisbn = {1-23456-789-0},
 OPTpages = {109--114},
 OPTlocation = {Kolding, Denmark},
 OPTdoi = {http://doi.acm.org/10.1145/566726.566751},
 OPTpublisher = {ACM},
 OPTaddress = {New York, NY, USA},
 }

@article{liedtke-microkernels,
 author = {Jochen Liedtke},
 title = {Toward real microkernels},
 journal = {Commun. of the ACM},
 volume = {39},
 number = {9},
 year = {1996},
 OPTissn = {0001-0782},
 OPTOPTpages = {70--77},
 OPTdoi = {http://doi.acm.org/10.1145/234215.234473},
 OPTpublisher = {ACM},
 OPTaddress = {New York, NY, USA},
 }

@inproceedings{bershad-lightweight,
 author = {B. Bershad and T. Anderson and E. Lazowska and H. Levy},
 title = {Lightweight remote procedure call},
 booktitle = {Proc. of 12th SOSP},
 year = {1989},
 OPTisbn = {0-89791-338-8},
 OPTOPTpages = {102--113},
 OPTdoi = {http://doi.acm.org/10.1145/74850.74861},
 OPTpublisher = {ACM},
 OPTaddress = {New York, NY, USA},
 }

@article{karger-registers,
 author = {Paul A. Karger},
 title = {Using registers to optimize cross-domain call performance},
 journal = {Comp. Arch. News},
 volume = {17},
 number = {2},
 year = {1989},
 OPTissn = {0163-5964},
 OPTOPTpages = {194--204},
 OPTdoi = {http://doi.acm.org/10.1145/68182.68201},
 OPTpublisher = {ACM},
 OPTaddress = {New York, NY, USA},
 }

@article{hartig-micro-kernel,
 author = {Hermann Hartig and Michael Hohmuth and Jochen Liedtke and Jean Wolter and Sebastian Schonberg},
 title = {The performance of {$\mu$}-kernel-based systems},
 journal = {Oper. Sys. Rev.},
 volume = {31},
 number = {5},
 year = {1997},
 OPTissn = {0163-5980},
 OPTOPTpages = {66--77},
 OPTdoi = {http://doi.acm.org/10.1145/269005.266660},
 OPTpublisher = {ACM},
 OPTaddress = {New York, NY, USA},
 }

@inproceedings{liedtke-improve-ipc,
 author = {Jochen Liedtke},
 title = {Improving {IPC} by kernel design},
 booktitle = {Proc. of 14th SOSP},
 year = {1993},
 OPTisbn = {0-89791-632-8},
 OPTOPTpages = {175--188},
 OPTlocation = {Asheville, North Carolina, United States},
 OPTdoi = {http://doi.acm.org/10.1145/168619.168633},
 OPTpublisher = {ACM},
 OPTaddress = {New York, NY, USA},
 }

@inproceedings{  mars08reactive,
    author =     {Jason Mars and Daniel Williams and Dan Upton and Sudeep Ghosh and Kim Hazelwood},
    title =      {A Reactive, Unobtrusive Prefetcher for Multicore and Manycore Architectures},
    booktitle =  {2008 Workshop on Software and Hardware Challenges of Multicore and Manycore Platforms (SHCMP)},
    address =    {Beijing, China},
    month =      {June},
    year =       {2008}
}

@inproceedings{  merrill08trace,
    author =     {Duane Merrill and Kim Hazelwood},
    title =      {Trace Fragment Selection within Method-Based {JVMs}},
    booktitle =  {Proceedings of the ACM SIGPLAN/SIGOPS International Conference on Virtual Execution Environments},
    OPTaddress =    {Seattle, WA},
    OPTOPTpages =      {41--50},
    OPTmonth =      {March},
    year =       {2008}
}

@inproceedings{  wallace07superpin,
    author =     {Steven Wallace and Kim Hazelwood},
    title =      {{SuperPin}: Parallelizing Dynamic Instrumentation for Real-Time Performance},
    booktitle =  {Proc. of 5th CGO},
    OPTaddress =    {San Jose, CA},
    OPTOPTpages =      {209--217},
    OPTmonth =      {March},
    year =       {2007}
}

@inproceedings{vaidyanathan-grid,
	title = {Optimized Distributed Data Sharing Substrate in Multi-core Commodity Clusters: A Comprehensive Study with Applications.},
	author = {Karthikeyan Vaidyanathan and P. Lai and Sundeep Narravula and Dhabaleswar K. Panda},
	booktitle = {Proc. of CCGrid},
	OPTcrossref = {conf/ccgrid/2008},
	OPTOPTpages = {138-145},
	OPTpublisher = {IEEE Computer Society},
	OPTurl = {http://dblp.uni-trier.de/db/conf/ccgrid/ccgrid2008.html#VaidyanathanLNP08},
	year = {2008},
	OPTbiburl = {http://www.bibsonomy.org/bibtex/21843e5c017f25be968b366f1cd33587b/dblp},
	OPTdescription = {dblp},
	OPTee = {http://doi.ieeecomputersociety.org/10.1109/CCGRID.2008.116}, date = {2008-05-21},
	OPTkeywords = {dblp }
}

@inproceedings{tang-code-complex,
author = {Chunqiang Tang and DeQing Chen and Sandhya Dwarkadas and Michael L. Scott},
title = {Integrating Remote Invocation and Distributed Shared State},
OPTvolume = {01},
year = {2004},
booktitle = {Proc. of IPDPS},
OPTisbn = {0-7695-2132-0},
OPTOPTpages = {30b},
OPTdoi = {http://doi.ieeecomputersociety.org/10.1109/IPDPS.2004.1302942},
OPTpublisher = {IEEE Computer Society},
OPTaddress = {Los Alamitos, CA, USA},
}

@article{364772,
 author = {Jos\'{e} Nazario},
 title = {Using xinetd},
 journal = {Linux Journal},
 OPTissn = {1075-3583},
 OPTOPTpages = {8},
 OPTpublisher = {Specialized Systems Consultants, Inc.},
 OPTaddress = {Seattle, WA, USA},
 }

@inproceedings{radia-spring,
 author = {Sanjay R. Radia and Graham Hamilton and Peter B. Kessler and Michael L. Powell},
 title = {The {Spring} object model},
 booktitle = {Proc. of COOTS},
 year = {1995},
 OPTOPTpages = {12--12},
 OPTlocation = {Monterey, California},
 OPTpublisher = {USENIX Association},
 OPTaddress = {Berkeley, CA, USA},
 }

@inproceedings{lowney-multi-core,
 author = {Geoff Lowney},
 title = {Why {Intel} is designing multi-core processors},
 booktitle = {Proc. of 18th SPAA},
 year = {2006},
 OPTisbn = {1-59593-452-9},
 OPTOPTpages = {113--113},
 OPTlocation = {Cambridge, Massachusetts, USA},
 OPTdoi = {http://doi.acm.org/10.1145/1148109.1148126},
 OPTpublisher = {ACM},
 OPTaddress = {New York, NY, USA},
 }

@inproceedings{binder-instrument,
 author = {Walter Binder and Jarle Hulaas and Philippe Moret},
 title = {Advanced {Java} bytecode instrumentation},
 booktitle = {Proc. of 5th PPPJ},
 year = {2007},
 OPTisbn = {978-1-59593-672-1},
 OPTOPTpages = {135--144},
 OPTlocation = {Lisboa, Portugal},
 OPTdoi = {http://doi.acm.org/10.1145/1294325.1294344},
 OPTpublisher = {ACM},
 OPTaddress = {New York, NY, USA},
 }

@inproceedings{schalnsker-multi-core,
 author = {Michael Schlansker and Nagabhushan Chitlur and Erwin Oertli and Paul M. Stillwell, Jr and Linda Rankin and Dennis Bradford and Richard J. Carter and Jayaram Mudigonda and Nathan Binkert and Norman P. Jouppi},
 title = {High-performance {E}thernet-based communications for future multi-core processors},
 booktitle = {Proc. of ICS},
 year = {2007},
 OPTisbn = {978-1-59593-764-3},
 OPTOPTpages = {1--12},
 OPTlocation = {Reno, Nevada},
 OPTdoi = {http://doi.acm.org/10.1145/1362622.1362672},
 OPTpublisher = {ACM},
 OPTaddress = {New York, NY, USA},
 }

@article{dasgupta-clouds,
 author = {Partha Dasgupta and {R. J. LeBlanc, Jr.} and Mustaque Ahamad and Umakishore Ramachandran},
 title = {The {Clouds} Distributed Operating System},
 journal = {IEEE Comp.},
 volume = {24},
 number = {11},
 year = {1991},
 OPTissn = {0018-9162},
 OPTOPTpages = {34--44},
 OPTdoi = {http://dx.doi.org/10.1109/2.116849},
 OPTpublisher = {IEEE Computer Society Press},
 OPTaddress = {Los Alamitos, CA, USA},
 }

@article{tanenbaum-minix3,
 author = {Jorrit N. Herder and Herbert Bos and Ben Gras and Philip Homburg and Andrew S. Tanenbaum},
 title = {{MINIX 3}: a highly reliable, self-repairing operating system},
 journal = {Oper. Sys. Rev.},
 volume = {40},
 number = {3},
 year = {2006},
 OPTissn = {0163-5980},
 OPTOPTpages = {80--89},
 OPTdoi = {http://doi.acm.org/10.1145/1151374.1151391},
 OPTpublisher = {ACM},
 OPTaddress = {New York, NY, USA},
 }

@inproceedings{waldo-note,
 author = {Jim Waldo and Geoff Wyant and Ann Wollrath and Samuel C. Kendall},
 title = {A Note on Distributed Computing},
 booktitle = {Proc. of Mob. Obj. Sys.},
 year = {1997},
 OPTisbn = {3-540-62852-5},
 OPTOPTpages = {49--64},
 OPTpublisher = {Springer-Verlag},
 OPTaddress = {London, UK},
 }

@TechReport{waldo-note-tr,
 author = {Jim Waldo and Geoff Wyant and Ann Wollrath and Samuel C. Kendall},
 title = {A Note on Distributed Computing},
  institution =  {Sun Microsystems Laboratories, Inc.},
  year = 	 {1994},
  OPTkey = 	 {},
  OPTtype = 	 {},
  number = 	 {TR-94-29},
  OPTaddress = 	 {},
  OPTmonth = 	 {},
  OPTnote = 	 {},
  OPTannote = 	 {}
}

@techreport{khalidi-spring,
 author = {Yousef A. Khalidi and Michael N. Nelson},
 title = {Implementation of UNIX on an Object-oriented Operating System, An},
 year = {1992},
 publisher = {Sun Microsystems, Inc.},
 address = {Mountain View, CA, USA},
 }


@article{allman-per,
 author = {Mark Allman},
 title = {An evaluation of {XML}-{RPC}},
 journal = {Perf. Eval. Rev.},
 volume = {30},
 number = {4},
 year = {2003},
 OPTissn = {0163-5999},
 OPTOPTpages = {2--11},
 OPTxdoi = {http://doi.acm.org/10.1145/773056.773057},
 OPTpublisher = {ACM Press},
 OPTaddress = {New York, NY, USA},
 }

@inproceedings{rhea-opendht,
 author = {Sean Rhea and Brighten Godfrey and Brad Karp and John Kubiatowicz and Sylvia Ratnasamy and Scott Shenker and Ion Stoica and Harlan Yu},
 title = {Open{DHT}: a public {DHT} service and its uses},
 booktitle = {Proc. of SIGCOMM},
 year = {2005},
 OPTisbn = {1-59593-009-4},
 OPTpages = {73--84},
 OPTlocation = {Philadelphia, Pennsylvania, USA},
 OPTdoi = {http://doi.acm.org/10.1145/1080091.1080102},
 OPTpublisher = {ACM Press},
 OPTaddress = {New York, NY, USA},
 }

@article{birrell-rpc,
 author = {Andrew D. Birrell and Bruce Jay Nelson},
 title = {Implementing remote procedure calls},
 journal = {ACM Transactions on Computer Systtems},
 volume = {2},
 number = {1},
 year = {1984},
 issn = {0734-2071},
 OPTpages = {39--59},
 doi = {http://doi.acm.org/10.1145/2080.357392},
 publisher = {ACM Press},
 address = {New York, NY, USA},
 }

@article{fiedler-per,
 author = {Daniel Fiedler and Kristen Walcott and Thomas Richardson and Gregory M. Kapfhammer and Ahmed Amer and Panos K. Chrysanthis},
 title = {Towards the measurement of tuple space performance},
 journal = {SIGMETRICS Performance Evaluation Review},
 volume = {33},
 number = {3},
 year = {2005},
 issn = {0163-5999},
 OPTpages = {51--62},
 OPTdoi = {http://doi.acm.org/10.1145/1111572.1111574},
 publisher = {ACM Press},
 address = {New York, NY, USA},
 }

@inproceedings{heydon-java-core,
 author = {Allan Heydon and Marc Najork},
 title = {Performance limitations of the {Java} core libraries},
 booktitle = {Proc. of Java Grande},
 year = {1999},
 OPTisbn = {1-58113-161-5},
 OPTpages = {35--41},
 OPTlocation = {San Francisco, California, United States},
 OPTdoi = {http://doi.acm.org/10.1145/304065.304092},
 OPTpublisher = {ACM Press},
 OPTaddress = {New York, NY, USA},
 }

@inproceedings{judd-mpi-java,
 author = {Glenn Judd and Mark Clement and Quinn Snell and Vladimir Getov},
 title = {Design issues for efficient implementation of {MPI} in {Java}},
 booktitle = {Proc. of Java Grande},
 year = {1999},
 OPTisbn = {1-58113-161-5},
 OPTpages = {58--65},
 OPTlocation = {San Francisco, California, United States},
 OPTdoi = {http://doi.acm.org/10.1145/304065.304097},
 OPTpublisher = {ACM Press},
 OPTaddress = {New York, NY, USA},
 }

@inproceedings{wells-linda-java,
 author = {George C. Wells},
 title = {New and improved: {Linda} in {Java}},
 booktitle = {Proc. of 3rd PPPJ},
 year = {2004},
 isbn = {1-59593-171-6},
 OPTpages = {67--74},
 location = {Las Vegas, Nevada},
 publisher = {Trinity College Dublin},
 }

@Article{wells-linda-java-journal,
  author = 	 {George C. Wells},
  title = 	 {New and improved: Linda in {Java}},
  journal = 	 {Scien. of Comp. Progr.},
  year = 	 {2006},
  OPTkey = 	 {},
  volume = 	 {59},
  number = 	 {1--2},
  OPTpages = 	 {82--96},
  month = 	 {January},
  OPTnote = 	 {},
  OPTannote = 	 {}
}

@inproceedings{seigneur-jxta,
 author = {Jean-Marc Seigneur and Gregory Biegel and Christian Damsgaard Jensen},
 title = {{P2P} with {JXTA-Java} pipes},
 booktitle = {Proc. of 2nd PPPJ},
 year = {2003},
 OPTisbn = {0-9544145-1-9},
 OPTpages = {207--212},
 OPTlocation = {Kilkenny City, Ireland},
 OPTpublisher = {Computer Science Press, Inc.},
 OPTaddress = {New York, NY, USA},
 }

@article{wollrath-java-rmi,
 author = {Ann Wollrath and Jim Waldo and Roger Riggs},
 title = {Java-Centric Distributed Computing},
 journal = {IEEE Micro},
 volume = {17},
 number = {3},
 year = {1997},
 issn = {0272-1732},
 OPTpages = {44--53},
 doi = {http://dx.doi.org/10.1109/40.591654},
 publisher = {IEEE Computer Society Press},
 address = {Los Alamitos, CA, USA},
 }

@inproceedings{hansen-xml-events-guis,
 author = {Stuart Hansen and Timothy Fossum},
 title = {Events not equal to {GUIs}},
 booktitle = {Proceedings of the 35th Technical Symposium on Computer Science Education},
 year = {2004},
 isbn = {1-58113-798-2},
 OPTpages = {378--381},
 location = {Norfolk, Virginia, USA},
 doi = {http://doi.acm.org/10.1145/971300.971430},
 publisher = {ACM Press},
 address = {New York, NY, USA},
 }

@inproceedings{gagne-java-net,
 author = {Greg Gagne},
 title = {To java.net and beyond: teaching networking concepts using the {Java} networking {API}},
 booktitle = {Proceedings of the 33rd Technical Symposium on Computer Science Education},
 year = {2002},
 isbn = {1-58113-473-8},
 OPTpages = {406--410},
 location = {Cincinnati, Kentucky},
 doi = {http://doi.acm.org/10.1145/563340.563497},
 publisher = {ACM Press},
 address = {New York, NY, USA},
 }

@inproceedings{harren-xj,
 author = {Matthew Harren and Mukund Raghavachari and Oded Shmueli and Michael G. Burke and Rajesh Bordawekar and Igor Pechtchanski and Vivek Sarkar},
 title = {{XJ}: facilitating {XML} processing in {Java}},
 booktitle = {Proc. of 14th WWW},
 year = {2005},
 OPTisbn = {1-59593-046-9},
 OPTOPTpages = {278--287},
 OPTlocation = {Chiba, Japan},
 OPTdoi = {http://doi.acm.org/10.1145/1060745.1060788},
 OPTpublisher = {ACM Press},
 OPTaddress = {New York, NY, USA},
 }

@Book{grosso-rmi,
  author = 	 {William Grosso},
  ALTeditor = 	 {},
  title = 	 {Java RMI},
  publisher = 	 {O'Reilly and Associates, Inc.},
  year = 	 {2002},
  address = {Sebastopol, CA, USA},
  OPTkey = 	 {},
  OPTvolume = 	 {},
  OPTnumber = 	 {},
  OPTseries = 	 {},
  OPTaddress = 	 {},
  OPTedition = 	 {},
  OPTmonth = 	 {},
  OPTnote = 	 {},
  OPTannote = 	 {}
}

@inproceedings{arnold-javaspace-rdb,
	author = {Geoffrey C. Arnold and Gregory M. Kapfhammer and 
                  Robert S. Roos},
	title = {Implementation and Analysis of a {JavaSpace} Supported by a 
                  Relational Database},
	booktitle = {Proc. of 8th PDPTA},
	year = 2002,
	OPTaddress = {Las Vegas, Nevada},
	OPTmonth = {June},
}

@book{oaks-jxta,
 author = {Scott Oaks and Li Gong},
 title = {{JXTA} in a Nutshell},
 year = {2002},
 OPTisbn = {059600236X},
 publisher = {O'Reilly and Associates, Inc.},
 address = {Sebastopol, CA, USA},
 }

@inproceedings{halepovic-jxta,
 author = {Emir Halepovic and Ralph Deters},
 title = {The Costs of Using {JXTA}},
 booktitle = {Proceedings of the 3rd P2P},
 year = {2003},
 OPTisbn = {0-7695-2023-5},
 OPTOPTpages = {160},
 OPTpublisher = {IEEE Computer Society},
 OPTaddress = {Washington, DC, USA},
 }

@article{maasen-java-rmi,
 author = {Jason Maassen and Rob van Nieuwpoort and Ronlad D. Veldema and Henri Bal and Thilo Kielmann and Ceriel Jacobs and Rutger Hofman},
 title = {Efficient {Java RMI} for parallel programming},
 journal = {Trans. on Progr. Lang. and Sys.},
 volume = {23},
 number = {6},
 year = {2001},
 issn = {0164-0925},
 OPTpages = {747--775},
 doi = {http://doi.acm.org/10.1145/506315.506317},
 publisher = {ACM Press},
 address = {New York, NY, USA},
 }

@inproceedings{getov-mpi,
 author = {Vladimir Getov and Paul Gray and Vaidy Sunderam},
 title = {{MPI} and {Java-MPI}: contrasts and comparisons of low-level communication performance},
 booktitle = {Proc. of ICS},
 year = {1999},
 OPTisbn = {1-58113-091-0},
 OPTpages = {21},
 OPTlocation = {Portland, Oregon, United States},
 OPTdoi = {http://doi.acm.org/10.1145/331532.331553},
 OPTpublisher = {ACM Press},
 OPTaddress = {New York, NY, USA},
 }

@TechReport{herder-microkernel,
  author = 	 {Jorrit N. Herder and Herbert Bros and Andrew S. Tanenbaum},
  title = 	 {A Lightweight Method for Building Reliable Operating Systems Despite Unreliable Device Drivers},
  institution =  {Vrije Universiteit},
  year = 	 {2006},
  OPTkey = 	 {},
  OPTtype = 	 {},
  number = 	 {IR-CS-018},
  OPTaddress = 	 {},
  OPTmonth = 	 {January},
  OPTnote = 	 {},
  OPTannote = 	 {}
}

@article{roubtsov-sizing,
  author = 	 {Vladimir Roubtsov},
  title = 	 {Sizeof for {Java}: Object sizing revisited },
  journal = {JavaWorld},
  OPTmonth = 	 {December},
  year = 	 {2003},
  OPTnote = 	 {},
  OPTannote = 	 {}
}

@book(freeman-jsppp,
  author = "Eric Freeman and Susanne Hupfer and Ken Arnold",
  title = "{JavaSpaces}: Principles, Patterns, and Practice",
  publisher = "Addison-Wesley",
  year = "1999",
  address = "Reading, Massachusetts"
)

@book(oaks-jian,
  author = "Scott Oaks and Henry Wong",
  title = "Jini in a Nutshell",
  publisher = "O'Reilly and Associates Inc.",
  year = "2000",
  address = "Sebastopol, California"
)

@article{carriero-acmoe,
    author = "Nicholas Carriero and David Gelernter",
    title = "A Computational Model of Everything",
    journal = "Communications of the ACM",
    volume = "44",
    number = "11",
    OPTpages = "77--81",
    month = "November",
    year = "2001",
}

@article{gelernter-clats,
    author = "David Gelernter and Nicholas Carriero",
    title = "Coordination Languages and their Significance",
    journal = "Communications of the ACM",
    volume = "35",
    number = "2",
    OPTpages = "97--107",
    month = "February",
    year = "1992",
}

@inproceedings{noble-javaspaces,
    author = "Michael S. Noble and Stoyanka Zlateva",
    title = "Scientific Computation with {JavaSpaces}",
    booktitle = "Proc. of 9th EHPCN",
    month = "June",
    year = "2001"
}

@book{edwards-core-jini,
    author = "W. Keith Edwards",
    title = "Core Jini",
    publisher = "Prentice Hall PTR",
    address = "Upper Saddle River, NJ",
    year = "1999"
}

@book{arnold-jini-spec,
    author = "Ken Arnold and Bryan O'Sullivan and Robert W. Scheifler and
              Jim Waldo and Ann Wollrath",
    title = "The Jini Specification",
    publisher = "Addison-Wesley, Inc.",
    address = "Reading, MA",
    year = "1999"
}

@book{tannenbaum-dspp,
    author = "Andrew S. Tanenbaum and Maarten van Steen",
    title = "Distributed Systems: Principles and Paradigms",
    publisher = "Prentice Hall, Inc.",
    address = "Upper Saddle River, NJ",
    year = "2002"
}

@Article{gelernter-generative-linda,
  author = 	 {David Gelernter},
  title = 	 {Generative Communication in {Linda}},
  journal = 	 {ACM Transactions on Programming Languages and Systems},
  year = 	 {1985},
  volume = 	 {7},
  number = 	 {1},
  OPTpages = 	 {80 -- 112},
  month = 	 {January},
}

@InProceedings{zorman-dist-ga,
  author = 	 {Brian Zorman and Gregory M. Kapfhammer and Robert S. Roos},
  title = 	 {Creation and Analysis of a {JavaSpace}-based Genetic 
                  Algorithm},
  booktitle = 	 {Proceedings of the 8th International Conference on Parallel 
                  and Distributed Processing Techniques and Applications},
  year = 	 {2002},
  address = 	 {Las Vegas, NV},
  month = 	 {June},
}

@inproceedings{kapfhammer-dist-reg-test,
  author =    {Gregory M. Kapfhammer},
  title =     {Automatically and Transparently Distributing the Execution of 
               Regression Test Suites},
  booktitle = {Proceedings of the 18th International Conference on 
               Testing Computer Software},
  year =      {2001},
  address =   {Washington, D.C.},
  month = {June}
}

@article{whittaker-testing-hard,
	author = {James A. Whittaker},
	title = {What is Software Testing? And Why is it So Hard?},
	journal = {IEEE Software},
	year = 2000,
	volume = 17,
	number = 1,
	OPTpages = {70--76},
	month = {January/February},
	annote = {This papers talks about the steps that must be taken to properly
              test software systems.  The initial point talks about the need
              to define the interfaces of the system.  Indeed, the databases
              are even mentioned as a software interface.  The rest of the 
              article provides a annecdotal review of software testing.  We
              should mainly use this article to note that people recognize the
              importance of databases: and yet we really have no idea how to
              truly model this type of interface.}
}

@article{zhu-adequacy-review,
	author = {Hong Zhu and Patrick A. V. Hall and John H. R. May},
	title = {Software unit test coverage and adequacy},
	journal = {ACM Computing Surveys},
	year = 1997,
	volume = 29,
	number = 4,
	OPTpages = {366--427},
	OPTissn = {0360-0300},
	doi = {http://doi.acm.org/10.1145/267580.267590},
	OPTpublisher = {ACM Press}
}

@Article{wyckoff-tspaces,
  author = 	 {Peter Wyckoff and Stephen McLaughry and Tobin Lehman},
  title = 	 {{T Spaces}},
  journal = 	 {IBM Systems Journal},
  year = 	 {1998},
  OPTvolume = 	 {},
  OPTnumber = 	 {},
  OPTpages = 	 {454 -- 474},
  OPTmonth = 	 {August},
}

@inproceedings{smith-aging,
 author = {Keith A. Smith and Margo I. Seltzer},
 title = {File system aging -- increasing the relevance of file system 
          benchmarks},
 booktitle = {Proceedings of the 1997 ACM SIGMETRICS International Conference 
              on Measurement and Modeling of Computer Systems},
 year = {1997},
 OPTisbn = {0-89791-909-2},
 OPTpages = {203--213},
 location = {Seattle, Washington, United States},
 OPTdoi = {http://doi.acm.org/10.1145/258612.258689},
 OPTpublisher = {ACM Press},
 }

@InProceedings{carriero-distr,
 author = {Nicholas Carriero and David Gelernter and Jerrold Leichter},
 title = {Distributed data structures in {L}inda},
 booktitle = {Proceedings of the 13th ACM SIGACT-SIGPLAN Symposium on 
              Principles of Programming Languages},
 year = {1986},
 OPTpages = {236--242},
 location = {St. Petersburg Beach, Florida},
 OPTdoi = {http://doi.acm.org/10.1145/512644.512666},
 OPTpublisher = {ACM Press},
}

@Article{fieckenstein-par-unix,
 author = {Charles J. Fleckenstein and David Hemmendinger},
 title = {Using a global name space for parallel execution of {UNIX} tools},
 journal = {Communications of the ACM},
 volume = {32},
 number = {9},
 year = {1989},
 OPTissn = {0001-0782},
 OPTpages = {1085--1090},
 OPTdoi = {http://doi.acm.org/10.1145/66451.66456},
 OPTpublisher = {ACM Press},
}

@InProceedings{picco-lime,
 author = {Gian Pietro Picco and Amy L. Murphy and Gruia-Catalin Roman},
 title = {{LIME}: Linda meets mobility},
 booktitle = {Proceedings of the 21st International Conference on Software 
              Engineering},
 year = {1999},
 OPTisbn = {1-58113-074-0},
 OPTpages = {368--377},
 location = {Los Angeles, California, United States},
 OPTpublisher = {IEEE Computer Society Press},
}

@inproceedings{picco-lime-developing,
 author = {Gian Pietro Picco and Amy L. Murphy and Gruia-Catalin Roman},
 title = {Developing mobile computing applications with {LIME}},
 booktitle = {Proceedings of the 22nd International Conference on Software 
              Engineering},
 year = {2000},
 OPTisbn = {1-58113-206-9},
 OPTpages = {766--769},
 location = {Limerick, Ireland},
 OPTdoi = {http://doi.acm.org/10.1145/337180.337626},
 OPTpublisher = {ACM Press},
 }

@InProceedings{omicini-internet-agents,
 author = {Andrea Omicini and Franco Zambonelli},
 title = {Tuple centres for the coordination of Internet agents},
 booktitle = {Proceedings of the ACM Symposium on Applied Computing},
 year = {1999},
 OPTisbn = {1-58113-086-4},
 OPTpages = {183--190},
 location = {San Antonio, Texas, United States},
 doi = {http://doi.acm.org/10.1145/298151.298231},
 OPTpublisher = {ACM Press},
 }
}

@inproceedings{zhang-hbenchjava,
 author = {Xiaolan Zhang and Margo Seltzer},
 title = {{HBench:Java}: an application-specific benchmarking framework for 
           {J}ava virtual machines},
 booktitle = {Proc. of Java Grande},
 year = {2000},
 OPTisbn = {1-58113-288-3},
 OPTpages = {62--70},
 OPTlocation = {San Francisco, California, United States},
 OPTdoi = {http://doi.acm.org/10.1145/337449.337474},
 OPTpublisher = {ACM Press},
 OPTaddress={New York, NY, USA}
 }

@InProceedings{seltzer-case,
  author = 	 {Margo Seltzer and David Krinsky and Keith Smith and 
                  Xiaolan Zhang},
  title = 	 {The Case for Application-Specific Benchmarking},
  booktitle = 	 {Proceedings of the 1999 Workshop on Hot Topics in Operating 
                  Systems (HotOS VII)},
  OPTOPTpages = 	 {},
  year = 	 {1999},
  address = 	 {Rio Rico, AZ},
  month = 	 {March},
  OPTorganization = {},
  OPTpublisher = {},
}

@book{kaner-tcs,
	author = {Cem Kaner and Jack Falk and Hung Quoc Hguyen},
	title = {Testing Computer Software},
	publisher = {International Thompson Computer Press},
	year = 1993,
	address = {London, UK}
}

@inproceedings{avritzer-state,
 author = {Alberto Avritzer and Brian Larson},
 title = {Load testing software using deterministic state testing},
 booktitle = {Proceedings of the International Symposium on Software Testing 
              and Analysis},
 year = {1993},
 OPTisbn = {0-89791-608-5},
 OPTpages = {82 -- 88},
 location = {Cambridge, Massachusetts, United States},
 OPTdoi = {http://doi.acm.org/10.1145/154183.154244},
 OPTpublisher = {ACM Press},
 }

@inproceedings{yang-structural,
 author = {Cheer-Sun D. Yang and Lori L. Pollock},
 title = {Towards a structural load testing tool},
 booktitle = {Proceedings of the International Symposium on Software Testing 
              and Analysis},
 year = {1996},
 OPTisbn = {0-89791-787-1},
 OPTpages = {201--208},
 location = {San Diego, California, United States},
 OPTdoi = {http://doi.acm.org/10.1145/229000.226318},
 OPTpublisher = {ACM Press},
 }

@Article{weyuker-predict,
  author = 	 {Elaine J. Weyuker and Alberto Avritzer},
  title = 	 {A metric for predicting the performance of an application
                  under a growing workload},
  journal = 	 {IBM Systems Journal},
  year = 	 {2002},
  volume = 	 {41},
  number = 	 {1},
  OPTpages = 	 {45 -- 54},
}

@inproceedings{avritzer-generate,
 author = {Alberto Avritzer and Elaine J. Weyuker},
 title = {Generating test suites for software load testing},
 booktitle = {Proceedings of the International Symposium on Software Testing 
              and Analysis},
 year = {1994},
 OPTisbn = {0-89791-683-2},
 OPTpages = {44--57},
 location = {Seattle, Washington, United States},
 OPTdoi = {http://doi.acm.org/10.1145/186258.186507},
 OPTpublisher = {ACM Press},
 }

@inproceedings{avritzer-workload,
 author = {Alberto Avritzer and Joe Kondek and Danielle Liu and 
           Elaine J. Weyuker},
 title = {Software performance testing based on workload characterization},
 booktitle = {Proceedings of the Third International Workshop on Software and 
              Performance},
 year = {2002},
 OPTisbn = {1-58113-563-7},
 OPTpages = {17--24},
 location = {Rome, Italy},
 OPTdoi = {http://doi.acm.org/10.1145/584369.584373},
 OPTpublisher = {ACM Press},
 }

@Book{jain-art-perform,
  author = 	 {Raj Jain},
  title = 	 {The Art of Computer Systems Performance Analysis},
  publisher = 	 {John Wiley and Sons, Inc.},
  year = 	 {1991},
  address = 	 {New York},
}

@phdthesis{memon-gui-test-thesis,
	author = {Atif M. Memon},
	title = {A Comprehensive Framework for Testing Graphical User Interfaces},
	school = {University of Pittsburgh, Department of Computer Science},
	year = 2001
}

@inproceedings{pettichord-test-auto-succ,
	author = {Bret Pettichord},
	title = {Seven Steps to Test Automation Success},
	booktitle = {Proceedings of the International Conference on Software 
                Testing, Analysis, and Review},
	year = 1999,
	address = {San Jose, CA},
	month = {November}
}

@inproceedings{kapfhammer-database-adequate,
 author = {Gregory M. Kapfhammer and Mary Lou Soffa},
 title = {A Family of Test Adequacy Criteria for Database-Driven
          Applications},
 booktitle = {Proceedings of the 9th European Software Engineering Conference
              and the 11th ACM SIGSOFT Symposium on Foundations of
              Software Engineering},
 year = {2003},
 location = {Helsinki, Finland},
 OPTpublisher = {ACM Press},
 }

@inproceedings{cain-javatpcw,
 author = {Morris Marden},
 title = {An Architectural Evaluation of Java TPC-W},
 booktitle = {Proceedings of the Seventh International Symposium on High-Performance Computer Architecture},
 year = {2001},
 OPTisbn = {0-7695-1019-1},
 OPTpages = {229},
 publisher = {IEEE Computer Society},
 }

@inproceedings{karlsson-memory,
 author = {Martin Karlsson and Kevin E. Moore and Erik Hagersten and David A. Wood},
 title = {Memory System Behavior of Java-Based Middleware},
 booktitle = {HPCA '03: Proceedings of the The Ninth International Symposium on High-Performance Computer Architecture (HPCA'03)},
 year = {2003},
 isbn = {0-7695-1871-0},
 OPTpages = {217},
 publisher = {IEEE Computer Society},
 }

@inproceedings{sterck-taskspaces,
 author = {H. De Sterck and R. S. Markel and T. Phol and U. Rude},
 title = {A lightweight {Java} {TaskSpaces} framework for scientific computing on computational grids},
 booktitle = {Proc. of 18th SAC},
 year = {2003},
 OPTisbn = {1-58113-624-2},
 OPTpages = {1024--1030},
 location = {Melbourne, Florida},
 OPTdoi = {http://doi.acm.org/10.1145/952532.952733},
 OPTpublisher = {ACM Press},
 }

@InBook{sterck-taskspaces-book,
  author = 	 {H. De Sterck and R. S. Markel and R. Knight},
  chapter = 	 {{TaskSpaces}: A Software Framework for Parallel Bioinformatics on Computational Grids},
  title = 	 {Parallel Computing in Bioinformatics and Computational Biology},
  publisher = 	 {John Wiley and Sons},
  year = 	 {2005},
}

@article{brebner-j2ee-scale,
 author = {Paul Brebner and Jeffrey Gosper},
 title = {How scalable is {J2EE} technology?},
 journal = {SIGSOFT Software Engineering Notes},
 volume = {28},
 number = {3},
 year = {2003},
 OPTissn = {0163-5948},
 OPTpages = {4--4},
 doi = {http://doi.acm.org/10.1145/773126.773139},
 OPTpublisher = {ACM Press},
 }

@Article{bulej-regression,
  author = 	 {Lubomir Bulej and Tomas Kalibera and Petr Tuma},
  title = 	 {Repeated Results Analysis for Middleware Regression Benchmarking},
  journal = 	 {Perf. Eval.},
  year = 	 {2004},
  note = 	 {In Press},
}

@Article{matjaz-rmi-corba,
  author = 	 {Juric B. Matjaz},
  title = 	 {Performance Comparison of {CORBA} and {RMI}},
  journal = 	 {Information and Software Technology Journal},
  year = 	 {2000},
  volume = 	 {42},
  number = 	 {13},
  OPTpages = 	 {915--933},
 }

@inproceedings{cacchet-ejb-perform,
 author = {Emmanuel Cecchet and Julie Marguerite and Willy Zwaenepoel},
 title = {Performance and scalability of {EJB} applications},
 booktitle = {Proc. of 17th OOPSLA},
 year = {2002},
 OPTisbn = {1-58113-471-1},
 OPTpages = {246--261},
 location = {Seattle, Washington, USA},
 OPTdoi = {http://doi.acm.org/10.1145/582419.582443},
 OPTpublisher = {ACM Press},
 }

@inproceedings{pugh-rubis-revisit,
 author = {Bill Pugh and Jaime Spacco},
 title = {{RUBiS} revisited: why {J2EE} benchmarking is hard},
 booktitle = {Comp. to 19th OOPSLA},
 year = {2004},
 OPTisbn = {1-58113-833-4},
 OPTpages = {204--205},
 location = {Vancouver, BC, CANADA},
 OPTdoi = {http://doi.acm.org/10.1145/1028664.1028751},
 OPTpublisher = {ACM Press},
 }

@InProceedings{demarey-middleware,
  author = 	 {Christophe Demarey and Gael Harbonnier and Romain Rouvoy and Philippe Merle},
  title = 	 {Benchmarking The Round Trip Latency Of Various {Java} Based Middleware Platforms},
  booktitle = {OOPSLA Workshop on Component and Middleware Performance},
  year = 	 {2004},
}

@InProceedings{rummel-kanonizo-sac2005,
  author = 	 {Matthew Rummel and Gregory M. Kapfhammer and Andrew Thall},
  title = 	 {Towards the Prioritization of Regression Test Suites with 
                  Data Flow Information},
  booktitle = {Proc. of 20th SAC},
  year = 	 {2005},
  OPTaddress = 	 {Santa Fe, New Mexico},
  OPTmonth = 	 {March},
  OPTpublisher = {ACM Press},
}

@article{rothermel-safe,
    author = "G. Rothermel and M. J. Harrold",
    title = "A Safe, Efficient Regression Test Selection Technique",
    journal = "Trans. on Soft. Engin. and Method.",
    OPTpages = "173--210",
    volume = "6",
    number = "2",
    year = "1997",
    month = "April"
}

@InProceedings{hancke-js-overhead,
  author = 	 {F. Hancke and G. Stuer and D. Dewolfs and J. Broeckhove and F. Arickx and T. Dhaene},
  title = 	 {Modelling Overhead in {JavaSpaces}},
  booktitle = {Proc. of {EuroMedia}},
  OPTpages = 	 {77--81},
  year = 	 {2003},
  OPTpublisher = {University of Plymouth Press},
}

@InProceedings{neve-doe-js,
  author = 	 {H. D. Neve and F. Hancke and T. Dhaene and J. Broeckhove and F. Arickx},
  title = 	 {On The Use of {DOE} for the Characterization of {Java\-Spaces}},
  booktitle = {Proc. of Euro. Simul. and Model.},
  OPTpages = 	 {24-29},
  year = 	 {2003},
  OPTpublisher = {Eurosis-ETI},
}

@Book{lilja-perform,
  author = 	 {David J. Lilja},
  title = 	 {Measuring Computer Performance: A Practicioner's Guide},
  publisher = 	 {Cambridge University Press},
  year = 	 {2000},
}

@InBook{kapfhammer-testing-handbook,
  author = 	 {Gregory M. Kapfhammer},
  editor = 	 {Allen Tucker},
  title = 	 {The Computer Science Handbook},
  chapter = 	 {105: Software Testing},
  publisher = 	 {CRC Press},
  year = 	 {2004},
  address = 	 {Boca Raton, FL},
  edition = 	 {Second},
  OPTOPTpages = 	 {},
  OPTnote = 	 {},
  OPTannote = 	 {}
}

@inproceedings{dufour-metrics,
 author = {Bruno Dufour and Karel Driesen and Laurie Hendren and Clark Verbrugge},
 title = {Dynamic metrics for {Java}},
 booktitle = {Proc. of 18th OOPSLA},
 year = {2003},
 OPTisbn = {1-58113-712-5},
 OPTpages = {149--168},
 location = {Anaheim, California, USA},
 OPTdoi = {http://doi.acm.org/10.1145/949305.949320},
 OPTpublisher = {ACM Press},
 }

@InProceedings{sweeney-hardware,
  author = 	 {Peter F. Sweeney and Matthias Hauswirth and Brendon Cahoon and Perry Cheng and Amer Diwan and David Grove and Michael Hind},
  title = 	 {Using hardware performance monitors to understand the behavior of {Java} applications},
  booktitle = {Proc. of 3rd VMRTS},
  year = 	 {2004},
  OPTmonth = 	 {May},
}

@inproceedings{hauswirth-profile,
 author = {Matthias Hauswirth and Peter F. Sweeney and Amer Diwan and Michael Hind},
 title = {Vertical profiling: understanding the behavior of object-oriented applications},
 booktitle = {Proc. of 19th OOPSLA},
 year = {2004},
 isbn = {1-58113-831-9},
 OPTpages = {251--269},
 location = {Vancouver, BC, Canada},
 doi = {http://doi.acm.org/10.1145/1028976.1028998},
 OPTpublisher = {ACM Press},
 }

@Book{shirazi-java-perf-tuning,
 author = {Jack Shirazi},
 title = {Java Performance Tuning},
 edition = {first},
 publisher = {O'Reilly},
 year = {2000}
}

@inproceedings{horgan-measure-runtime,
 author = {Jane Horgan and James Power and John Waldron},
 title = {Measurement and Analysis of Runtime Profiling Data for {J}ava Programs},
 booktitle = {Proc. of SCAM},
 year = {November, 2001},
 OPTpages = {124--132},
 location = {Florence, Italy},
 OPTpublisher = {IEEE Computer Society Press},
 }

@inproceedings{harkema-perf-monitor,
 author = {M. Harkema and D. Quartel and B. M. M. Gijsen and R. D. van der Mei},
 title = {Performance monitoring of {J}ava applications},
 booktitle = {Proceedings of the Third International Workshop on Software and Performance},
 year = {2002},
 OPTisbn = {1-58113-563-7},
 OPTpages = {114--127},
 location = {Rome, Italy},
 doi = {http://doi.acm.org/10.1145/584369.584388},
 OPTpublisher = {ACM Press},
 }

@article{bulej-final,
 author = {Lubomir Bulej and Tomas Kalibera and Petr Tuma},
 title = {Repeated results analysis for middleware regression benchmarking},
 journal = {Performance Evaluation},
 volume = {60},
 number = {1-4},
 year = {2005},
 issn = {0166-5316},
 OPTpages = {345--358},
 doi = {http://dx.doi.org/10.1016/j.peva.2004.10.013},
 publisher = {Elsevier Science Publishers B. V.},
 address = {Amsterdam, The Netherlands, The Netherlands},
 }

@Article{fiedler-settle-sigmetrics-per,
  author = 	 {Daniel Fiedler and Kristen Walcott and Thomas Richardson and Gregory M. Kapfhammer and Ahmed Amer and Panos K. Chrysanthis},
  title = 	 {Towards the Measurement of Tuple Space Performance},
  journal = 	 {Perf. Eval. Rev.},
  year = 	 {2005},
  volume = 	 {33},
  number = 	 {3},
  OPTpages = 	 {},
  month = 	 {December},
}

@inproceedings{memon-gui-goal,
 author = {Atif M. Memon and Martha E. Pollack and Mary Lou Soffa},
 title = {Using a goal-driven approach to generate test cases for {GUI}s},
 booktitle = {Proceedings of the 21st International Conference on Software Engineering},
 year = {1999},
 isbn = {1-58113-074-0},
 OPTpages = {257--266},
 location = {Los Angeles, California, United States},
 publisher = {IEEE Computer Society Press},
 }

@Book{postgresql-dev-handbook,
 author = {Ewald Geschwinde and Hans-J\"{u}rgen Sch\"{o}nig},
 title = {Postgre{SQL} Developers Handbook},
 edition = {first},
 publisher = {O'Reilly},
 year = {2002}
}

@Book{shirazi-java-perf-tuning,
 author = {Jack Shirazi},
 title = {Java Performance Tuning},
 edition = {first},
 publisher = {O'Reilly},
 year = {2000}
}

@Book{gosling-java-language,
 author = {J. Gosling and B. Joy and G. Steele},
 title = {The Java Language Specification},
 publisher = {Addison Wesley},
 year = {1996}
}

@inproceedings{memon-coverage-gui,
 author = {Atif M. Memon and Mary Lou Soffa and Martha E. Pollack},
 title = {Coverage criteria for {GUI} testing},
 booktitle = {Proceedings of the 9th ACM SIGSOFT International Symposium on 
              Foundations of Software Engineering},
 year = {2001},
 isbn = {1-58113-390-1},
 OPTpages = {256--267},
 location = {Vienna, Austria},
 doi = {http://doi.acm.org/10.1145/503209.503244},
 publisher = {ACM Press},
 }

@inproceedings{memon-test-oracles,
 author = {Atif M. Memon and Martha E. Pollack and Mary Lou Soffa},
 title = {Automated test oracles for {GUI}s},
 booktitle = {Proceedings of the 8th ACM SIGSOFT International Symposium on Foundations of Software Engineering},
 year = {2000},
 isbn = {1-58113-205-0},
 OPTpages = {30--39},
 location = {San Diego, California, United States},
 doi = {http://doi.acm.org/10.1145/355045.355050},
 publisher = {ACM Press},
 }

@inproceedings{memon-test-cases,
 author = {Atif M. Memon and Martha E. Pollack and Mary Lou Soffa},
 title = {Using a goal-driven approach to generate test cases for {GUI}s},
 booktitle = {Proceedings of the 21st International Conference on Software Engineering},
 year = {1999},
 isbn = {1-58113-074-0},
 OPTpages = {257--266},
 location = {Los Angeles, California, United States},
 publisher = {IEEE Computer Society Press},
 }

@inproceedings{ostrand-test-development,
 author = {Thomas Ostrand and Aaron Anodide and Herbert Foster and Tarak Goradia},
 title = {A visual test development environment for {GUI} systems},
 booktitle = {Proceedings of ACM SIGSOFT International Symposium on Software Testing and Analysis},
 year = {1998},
 isbn = {0-89791-971-8},
 OPTpages = {82--92},
 location = {Clearwater Beach, Florida, United States},
 doi = {http://doi.acm.org/10.1145/271771.271793},
 publisher = {ACM Press},
 }

@url{optimizeit,
  title = {Optimizeit},
  author = {Borland Software Corporation},
  url = {http://www.borland.com/optimizeit},
  year = 2003,
  month = jan,
  note = {http://www.borland.com/optimizeit},
}

@unpublished{thinlet,
  title = {Thinlet},
  author = {Robert Bajzat},
  OPTyear = 2002,
  OPTmonth = nov,
  note = {{\tt http://www.thinlet.com}},
}

@unpublished{profiler,
  title = {Profiler},
  author = {Mike Clark},
  OPTyear = 2003,
  OPTmonth = jan,
  note = {{\tt http://www.clarkware.com}}
}

@Book{swing,
 author = {Marc Loy and Robert Eckstein and Dave Wood and James Elliott and Brian Cole},
 title = {Java Swing},
 edition = {second},
 publisher = {O'Reilly},
 year = {2002}
}

@inproceedings{endo-latency,
 author = {Yasuhiro Endo and Zheng Wang and J. Bradley Chen and Margo Seltzer},
 title = {Using latency to evaluate interactive system performance},
 booktitle = {Proceedings of the Second USENIX Symposium on Operating Systems Design and Implementation},
 year = {1996},
 isbn = {1-880446-82-0},
 OPTpages = {185--199},
 location = {Seattle, Washington, United States},
 doi = {http://doi.acm.org/10.1145/238721.238775},
 publisher = {ACM Press},
 }


@article{flautner-interactive,
 author = {Krisztin Flautner and Rich Uhlig and Steve Reinhardt and Trevor Mudge},
 title = {Thread-level parallelism and interactive performance of desktop applications},
 journal = {ACM SIGPLAN Notices},
 volume = {35},
 number = {11},
 year = {2000},
 issn = {0362-1340},
 OPTpages = {129--138},
 doi = {http://doi.acm.org/10.1145/356989.357001},
 publisher = {ACM Press},
 }


@inproceedings{cota-robles-drivers,
 author = {Erik Cota-Robles and James P. Held},
 title = {A comparison of {W}indows driver model latency performance on {W}indows {NT} and {W}indows 98},
 booktitle = {Proceedings of the Third Symposium on Operating Systems Design and Implementation},
 year = {1999},
 isbn = {1-880446-39-1},
 OPTpages = {159--172},
 location = {New Orleans, Louisiana, United States},
 publisher = {USENIX Association},
 }

@inproceedings{schmidt-slim,
 author = {Brian K. Schmidt and Monica S. Lam and J. Duane Northcutt},
 title = {The interactive performance of {SLIM}: a stateless, thin-client architecture},
 booktitle = {Proceedings of the Seventeenth ACM Symposium on Operating Systems Principles},
 year = {1999},
 isbn = {1-58113-140-2},
 OPTpages = {32--47},
 location = {Charleston, South Carolina, United States},
 doi = {http://doi.acm.org/10.1145/319151.319154},
 publisher = {ACM Press},
 }

@inproceedings{endo-tipme,
 author = {Yasuhiro Endo and Margo Seltzer},
 title = {Improving interactive performance using {TIPME}},
 booktitle = {Proceedings of the 2000 ACM SIGMETRICS International Conference on Measurement and Modeling of Computer Systems},
 year = {2000},
 isbn = {1-58113-194-1},
 OPTpages = {240--251},
 location = {Santa Clara, California, United States},
 doi = {http://doi.acm.org/10.1145/339331.339420},
 publisher = {ACM Press},
 }

@inproceedings{butler-response,
 author = {T. W. Butler},
 title = {Computer response time and user performance.},
 booktitle = {Proceedings of 1983 Conference on Human Factors in Computing Systems},
 year = {1983},
 isbn = {0-89791-121-0},
 OPTpages = {58--62},
 location = {Boston, Massachusetts, United States},
 }

@article{shneiderman-response,
 author = {Ben Shneiderman},
 title = {Response time and display rate in human performance with computers},
 journal = {ACM Computing Surveys},
 volume = {16},
 number = {3},
 year = {1984},
 issn = {0360-0300},
 OPTpages = {265--285},
 doi = {http://doi.acm.org/10.1145/2514.2517},
 publisher = {ACM Press},
 }

@inproceedings{goodman-response,
 author = {T. Goodman and R. Spence},
 title = {The effect of System Response Time on interactive computer aided problem solving},
 booktitle = {Proceedings of the 5th Annual Conference on Computer Graphics and Interactive Techniques},
 year = {1978},
 OPTpages = {100--104},
 doi = {http://doi.acm.org/10.1145/800248.807378},
 publisher = {ACM Press},
 }

@article{guynes-anxiety,
 author = {Jan L. Guynes},
 title = {Impact of system response time on state anxiety},
 journal = {Communications of the ACM},
 volume = {31},
 number = {3},
 year = {1988},
 issn = {0001-0782},
 OPTpages = {342--347},
 doi = {http://doi.acm.org/10.1145/42392.42402},
 publisher = {ACM Press},
 }

@inproceedings{lo-database,
 author = {Jack L. Lo and Luiz Andr\'{e} Barroso and Susan J. Eggers and Kourosh Gharachorloo and Henry M. Levy and Sujay S. Parekh},
 title = {An analysis of database workload performance on simultaneous multithreaded processors},
 booktitle = {Proceedings of the 25th Annual International Symposium on Computer Architecture},
 year = {1998},
 isbn = {0-8186-8491-7},
 OPTpages = {39--50},
 location = {Barcelona, Spain},
 doi = {http://doi.acm.org/10.1145/279358.279367},
 publisher = {IEEE Press},
 }

@inproceedings{anderson-profiling,
 author = {Jennifer M. Anderson and Lance M. Berc and Jeffrey Dean and Sanjay Ghemawat and Monika R. Henzinger and Shun-Tak A. Leung and Richard L. Sites and Mark T. Vandevoorde and Carl A. Waldspurger and William E. Weihl},
 title = {Continuous profiling: where have all the cycles gone?},
 booktitle = {Proceedings of the Sixteenth ACM Symposium on Operating Systems Principles},
 year = {1997},
 isbn = {0-89791-916-5},
 OPTpages = {1--14},
 location = {Saint Malo, France},
 doi = {http://doi.acm.org/10.1145/268998.266637},
 publisher = {ACM Press},
 }

@article{flautner-interactive,
 author = {Krisztin Flautner and Rich Uhlig and Steve Reinhardt and Trevor Mudge},
 title = {Thread-level parallelism and interactive performance of desktop applications},
 journal = {ACM SIGPLAN Notices},
 volume = {35},
 number = {11},
 year = {2000},
 issn = {0362-1340},
 OPTpages = {129--138},
 doi = {http://doi.acm.org/10.1145/356989.357001},
 publisher = {ACM Press},
 }

@inproceedings{kasik-novice,
 author = {David J. Kasik and Harry G. George},
 title = {Toward automatic generation of novice user test scripts},
 booktitle = {Conference proceedings on Human Factors in Computing Systems},
 year = {1996},
 isbn = {0-89791-777-4},
 OPTpages = {244--251},
 location = {Vancouver, British Columbia, Canada},
 doi = {http://doi.acm.org/10.1145/238386.238519},
 publisher = {ACM Press},
 }

@Article{memon-pitfalls,
  title = "{GUI} Testing: Pitfalls and Process",
  author = "Atif M. Memon",
  OPTpages =        "90--91",
  journal =      "IEEE Computer",
  year =         "2002",
  volume =       "35",
  month =        aug,
  number =       "8",
}

@inproceedings{myers=survey,
 author = {Brad A. Myers and Mary Beth Rosson},
 title = {Survey on user interface programming},
 booktitle = {Proceedings of the SIGCHI Conference on Human Factors in 
              Computing Systems},
 year = {1992},
 isbn = {0-89791-513-5},
 OPTpages = {195--202},
 location = {Monterey, California, United States},
 doi = {http://doi.acm.org/10.1145/142750.142789},
 publisher = {ACM Press},
 }

@article{myers-pp-future,
 author = {Brad Myers and Scott E. Hudson and Randy Pausch},
 title = {Past, present, and future of user interface software tools},
 journal = {ACM Transactions on Computer-Human Interaction (TOCHI)},
 volume = {7},
 number = {1},
 year = {2000},
 issn = {1073-0516},
 OPTpages = {3--28},
 doi = {http://doi.acm.org/10.1145/344949.344959},
 publisher = {ACM Press},
 }

@article{ sears-layout,
    author = "Andrew Sears",
    title = "Layout Appropriateness: A Metric for Evaluating User Interface Widget Layout",
    journal = "IEEE Transactions on Software Engineering",
    volume = "19",
    number = "7",
    OPTpages = "707-719",
    year = "1993",
    OPTurl = "citeseer.nj.nec.com/sears93layout.html" }

@article{whittaker-testing-hard,
	author = {James A. Whittaker},
	title = {What is Software Testing? And Why is it So Hard?},
	journal = {IEEE Software},
	year = 2000,
	volume = 17,
	number = 1,
	OPTpages = {70--76},
	month = {January/February},
	annote = {This papers talks about the steps that must be taken to properly
              test software systems.  The initial point talks about the need
              to define the interfaces of the system.  Indeed, the databases
              are even mentioned as a software interface.  The rest of the 
              article provides a annecdotal review of software testing.  We
              should mainly use this article to note that people recognize the
              importance of databases: and yet we really have no idea how to
              truly model this type of interface.}
}

@InProceedings{comber-complex-cadui,
  author = 	 {Tim Comber and John Maltby},
  title = 	 {Investigating Layout Complexity},
  booktitle = 	 {Proceedings of the International Workshop of
                  Computer-Aided Design of User Interfaces}, 
  OPTcrossref =  {},
  OPTkey = 	 {},
  OPTpages = 	 {},
  year = 	 {1996},
  OPTeditor = 	 {},
  OPTvolume = 	 {},
  OPTnumber = 	 {},
  OPTseries = 	 {},
  address = 	 {Namur, Belgium},
  OPTmonth = 	 {June},
  OPTorganization = {},
  publisher = {Namur University Press},
  OPTnote = 	 {},
  OPTannote = 	 {}
}

@inproceedings{jeffries-ui-evaluate,
 author = {Robin Jeffries and James R. Miller and Cathleen Warton and Kathy Uyeda},
 title = {User interface evaluation in the real world: a comparison of four techniques},
 booktitle = {Proceedings of the SIGCHI conference on Human Factors in Computing Systems},
 year = {1991},
 isbn = {0-89791-383-3},
 OPTpages = {119--124},
 location = {New Orleans, Louisiana, United States},
 doi = {http://doi.acm.org/10.1145/108844.108862},
 publisher = {ACM Press},
 }

@inproceedings{vonMayr-ui-requre,
 author = {A. vonMayrhauser and L. Przybylski},
 title = {Developing requirements for a user interface},
 booktitle = {Proceedings of the 1994 ACM symposium on Applied computing},
 year = {1994},
 isbn = {0-89791-647-6},
 OPTpages = {10--14},
 location = {Phoenix, Arizona, United States},
 doi = {http://doi.acm.org/10.1145/326619.326627},
 publisher = {ACM Press},
 }

@Article{williamson-swing,
  author = 	 {Alan Williamson},
  title = 	 {Swing is swinging {J}ava out of the desktop},
  journal = 	 {Java Developer's Journal},
  year = 	 {2002},
  OPTkey = 	 {},
  volume = 	 {7},
  number = 	 {10},
  OPTOPTpages = 	 {5},
  month = 	 {October},
  OPTnote = 	 {},
  OPTannote = 	 {}
}

@inproceedings{min-xpress,
 author = {Jun-Ki Min and Myung-Jae Park and Chin-Wan Chung},
 title = {{XPRESS}: a queriable compression for {XML} data},
 booktitle = {Proc. of SIGMOD},
 year = {2003},
 OPTisbn = {1-58113-634-X},
 OPTpages = {122--133},
 OPTlocation = {San Diego, California},
 OPTdoi = {http://doi.acm.org/10.1145/872757.872775},
 OPTpublisher = {ACM Press},
 OPTaddress = {New York, NY, USA},
 }

